@misc{ wiki:xxx,
       author = "Wikipedia",
       title = "Teorema maestro --- Wikipedia{,} La enciclopedia libre",
       year = "2019",
       url = "\url{https://es.wikipedia.org/w/index.php?title=Teorema_maestro&oldid=119557344}",
       note = "[Internet; descargado 14-abril-2020]"
}